<record><leader>00000cas a22000007a 4500</leader><controlfield tag="001">4350939</controlfield><controlfield tag="008">781107d19731986nhuwr ne      0   a0eng d</controlfield><controlfield tag="009">467</controlfield><datafield ind1=" " ind2=" " tag="010"><subfield code="a">sn 78002077 </subfield></datafield><datafield ind1=" " ind2=" " tag="040"><subfield code="a">NSD</subfield><subfield code="b">eng</subfield><subfield code="c">NSD</subfield><subfield code="d">AIP</subfield><subfield code="d">NSD</subfield><subfield code="d">NVH</subfield><subfield code="d">MGN</subfield><subfield code="d">DLC</subfield><subfield code="d">MGN</subfield><subfield code="d">CNW</subfield><subfield code="d">OCLCQ</subfield><subfield code="d">OCLCF</subfield><subfield code="d">OCLCO</subfield></datafield><datafield ind1=" " ind2=" " tag="012"><subfield code="j">0</subfield><subfield code="k">1</subfield><subfield code="m">1</subfield></datafield><datafield ind1="0" ind2=" " tag="022"><subfield code="a">0163-3066</subfield><subfield code="l">0163-3066</subfield><subfield code="2">1</subfield></datafield><datafield ind1="1" ind2=" " tag="029"><subfield code="a">AU@</subfield><subfield code="b">000025823181</subfield></datafield><datafield ind1=" " ind2=" " tag="032"><subfield code="a">071690</subfield><subfield code="b">USPS</subfield></datafield><datafield ind1=" " ind2=" " tag="037"><subfield code="b">New Hampshire Times, 20 Montgomery St., Box 35, Concord, NH 03301</subfield></datafield><datafield ind1=" " ind2=" " tag="042"><subfield code="a">nsdp</subfield><subfield code="a">msc</subfield></datafield><datafield ind1="0" ind2=" " tag="210"><subfield code="a">New Hamps. times</subfield></datafield><datafield ind1=" " ind2="0" tag="222"><subfield code="a">New Hampshire times</subfield></datafield><datafield ind1="0" ind2="0" tag="245"><subfield code="a">New Hampshire times.</subfield></datafield><datafield ind1="1" ind2="3" tag="246"><subfield code="a">New Hampshire times &amp; flea market</subfield></datafield><datafield ind1=" " ind2=" " tag="260"><subfield code="a">Concord, N.H. :</subfield><subfield code="b">[s.n.],</subfield></datafield><datafield ind1=" " ind2=" " tag="300"><subfield code="a">v.</subfield></datafield><datafield ind1=" " ind2=" " tag="310"><subfield code="a">Weekly</subfield></datafield><datafield ind1="0" ind2=" " tag="362"><subfield code="a">Vol. 2, no. 24 (May 2/9, 1973)-v. 16, no. 16 (Oct. 15, 1986).</subfield></datafield><datafield ind1=" " ind2=" " tag="500"><subfield code="a">Published in Manchester, N.H., Aug. 1-Oct. 15, 1986.</subfield></datafield><datafield ind1=" " ind2=" " tag="515"><subfield code="a">Continues numbering of: Flea market (Concord, N.H.).</subfield></datafield><datafield ind1=" " ind2=" " tag="530"><subfield code="a">Available on microfilm from State Historical Society of Wisconsin and Graphic Microfilm.</subfield></datafield><datafield ind1=" " ind2="0" tag="650"><subfield code="a">Underground press publications</subfield><subfield code="z">New Hampshire.</subfield></datafield><datafield ind1=" " ind2="7" tag="650"><subfield code="a">Underground press publications.</subfield><subfield code="2">fast</subfield><subfield code="0">(OCoLC)fst01160984</subfield></datafield><datafield ind1=" " ind2="7" tag="651"><subfield code="a">New Hampshire.</subfield><subfield code="2">fast</subfield><subfield code="0">(OCoLC)fst01204318</subfield></datafield><datafield ind1=" " ind2=" " tag="752"><subfield code="a">United States</subfield><subfield code="b">New Hampshire</subfield><subfield code="c">Hillsborough</subfield><subfield code="d">Manchester.</subfield></datafield><datafield ind1=" " ind2=" " tag="752"><subfield code="a">United States</subfield><subfield code="b">New Hampshire</subfield><subfield code="c">Merrimack</subfield><subfield code="d">Concord.</subfield></datafield><datafield ind1="1" ind2=" " tag="776"><subfield code="t">New Hampshire times</subfield><subfield code="w">(OCoLC)6574056</subfield></datafield><datafield ind1="1" ind2=" " tag="776"><subfield code="t">New Hampshire times</subfield><subfield code="w">(OCoLC)1050873</subfield></datafield><datafield ind1="0" ind2="0" tag="780"><subfield code="t">Flea market (Concord, N.H.)</subfield></datafield></record>